<?xml version="1.0" encoding="UTF-8"?><collection xmlns="http://www.loc.gov/MARC21/slim"><record><leader>00631nam--2200205-i-4500</leader><controlfield tag="001">000014754</controlfield><controlfield tag="002">20161230</controlfield><controlfield tag="005">20161230201031</controlfield><controlfield tag="008">060222s1000------------r-----000-0-fre-d</controlfield><datafield ind1=" " ind2=" " tag="040"><subfield code="a">IFIN-HH</subfield></datafield><datafield ind1=" " ind2=" " tag="041"><subfield code="a">fre</subfield></datafield><datafield ind1=" " ind2=" " tag="080"><subfield code="a">539.18</subfield></datafield><datafield ind1="1" ind2=" " tag="100"><subfield code="a">Chpolski, E</subfield></datafield><datafield ind1="1" ind2="0" tag="245"><subfield code="a">Physique atomique</subfield><subfield code="b">Traduit du russe</subfield><subfield code="c">E. chpolski</subfield></datafield><datafield ind1=" " ind2=" " tag="260"><subfield code="a">Moscou</subfield><subfield code="b">Editions Mir</subfield><subfield code="c">1977</subfield></datafield><datafield ind1=" " ind2=" " tag="300"><subfield code="a">2 VOLUME</subfield></datafield><datafield ind1=" " ind2=" " tag="500"><subfield code="a">Titlul Original In Limba Rusa: Atomnaia Fizika</subfield></datafield><datafield ind1="1" ind2=" " tag="787"><subfield code="a">Tome Ii</subfield><subfield code="d">1978</subfield><subfield code="h">413p</subfield><subfield code="t">Fondaments De La Mechanique Quanique Et Structure De L'Enveloppe Electronique De L'Atome</subfield></datafield><datafield ind1=" " ind2=" " tag="852"><subfield code="a">45651</subfield><subfield code="c">539</subfield></datafield><datafield ind1=" " ind2=" " tag="CAT"><subfield code="a">Sys</subfield><subfield code="c">20111011</subfield><subfield code="h">132642</subfield></datafield></record></collection>